<?xml version="1.0" encoding="UTF-8"?><collection xmlns="http://www.loc.gov/MARC21/slim"><record><leader>00340nam--2200121-i-4500</leader><controlfield tag="001">000003850</controlfield><controlfield tag="002">20161230</controlfield><controlfield tag="005">20161230201025</controlfield><controlfield tag="008">060222s1000------------r-----000-0-eng-d</controlfield><datafield ind1=" " ind2=" " tag="080"><subfield code="a">683.37</subfield></datafield><datafield ind1=" " ind2=" " tag="245"><subfield code="a">Accesorii pentru ferestre si usi. traducere din limba rusa</subfield></datafield><datafield ind1=" " ind2=" " tag="260"><subfield code="a">Bucuresti, Institutul De Documentare Tehnica 1953 34 P</subfield></datafield><datafield ind1=" " ind2=" " tag="852"><subfield code="a">26357</subfield></datafield></record></collection>